@book{ross2014introduction,
  title={Introduction to probability models},
  author={Ross, Sheldon M},
  year={2014},
  publisher={Academic press}
}


@book{daniel2007speech,
  title={Speech and language processing: An introduction to natural language processing, computational linguistics, and speech recognition},
  author={Daniel, Jurafsky and James H, Martin and others},
  year={2007},
  publisher={prentice hall}
}